<record><leader>00000cas a2200000 a 4500</leader><controlfield tag="001">11182118</controlfield><controlfield tag="008">840921d18731884ksuwr ne      0    0eng d</controlfield><datafield ind1=" " ind2=" " tag="010"><subfield code="a">sn 84029653 </subfield></datafield><datafield ind1=" " ind2=" " tag="040"><subfield code="a">KSH</subfield><subfield code="b">eng</subfield><subfield code="c">KSH</subfield><subfield code="d">NPT</subfield><subfield code="d">NPX</subfield><subfield code="d">NPT</subfield><subfield code="d">ANU</subfield><subfield code="d">OCL</subfield><subfield code="d">OCLCQ</subfield><subfield code="d">OCLCF</subfield><subfield code="d">OCLCO</subfield></datafield><datafield ind1=" " ind2=" " tag="042"><subfield code="a">msc</subfield></datafield><datafield ind1=" " ind2=" " tag="043"><subfield code="a">n-us-ks</subfield></datafield><datafield ind1="0" ind2=" " tag="130"><subfield code="a">Kansas tribune (Lawrence, Kan. : 1873)</subfield></datafield><datafield ind1="1" ind2="4" tag="245"><subfield code="a">The Kansas tribune.</subfield></datafield><datafield ind1="3" ind2="0" tag="246"><subfield code="a">Kansas progress and tribune</subfield></datafield><datafield ind1="3" ind2="0" tag="246"><subfield code="a">Kansas semi-weekly tribune</subfield></datafield><datafield ind1=" " ind2=" " tag="260"><subfield code="a">Lawrence, Kan. :</subfield><subfield code="b">Kan. Tribune Co.</subfield></datafield><datafield ind1=" " ind2=" " tag="300"><subfield code="a">v. ;</subfield><subfield code="c">52-75 cm.</subfield></datafield><datafield ind1=" " ind2=" " tag="310"><subfield code="a">Weekly</subfield></datafield><datafield ind1=" " ind2=" " tag="321"><subfield code="a">Frequency varies</subfield></datafield><datafield ind1="1" ind2=" " tag="362"><subfield code="a">Began in 1873; ceased with July 4, 1884 issue?</subfield></datafield><datafield ind1=" " ind2=" " tag="500"><subfield code="a">Published as: Kansas semi-weekly tribune, June 10, 1884-July 4, 1884.</subfield></datafield><datafield ind1=" " ind2=" " tag="500"><subfield code="a">Published as: Kansas progress and tribune, Dec. 13-27, 1882.</subfield></datafield><datafield ind1=" " ind2=" " tag="500"><subfield code="a">Publisher varies.</subfield></datafield><datafield ind1=" " ind2=" " tag="500"><subfield code="a">"Independent reform ticket," &lt;Oct. 28, 1875&gt;.</subfield></datafield><datafield ind1=" " ind2=" " tag="515"><subfield code="a">Suspended with Dec. 3, 1874 issue; resumed with Oct. 28, 1875 issue.</subfield></datafield><datafield ind1=" " ind2=" " tag="515"><subfield code="a">Numbering is irregular for 1878.</subfield></datafield><datafield ind1=" " ind2=" " tag="580"><subfield code="a">Also issued in daily editions called: Daily Kansas tribune, Sept. 25, 1873-Dec. 6, 1874; Daily tribune, Jan. 7, 1876-May 16, 1879; Kansas daily tribune (Lawrence, Kan. : 1879), May 17, 1879-1883.</subfield></datafield><datafield ind1=" " ind2=" " tag="580"><subfield code="a">Replaced by Western home journal during suspension, Dec. 3, 1874-Oct. 28, 1875.</subfield></datafield><datafield ind1=" " ind2=" " tag="588"><subfield code="a">Description based on: Old ser., v. 19, no. 39 (Sept. 25, 1873).</subfield></datafield><datafield ind1=" " ind2="0" tag="651"><subfield code="a">Lawrence (Kan.)</subfield><subfield code="v">Newspapers.</subfield></datafield><datafield ind1=" " ind2="7" tag="655"><subfield code="a">Newspapers.</subfield><subfield code="2">fast</subfield><subfield code="0">(OCoLC)fst01423814</subfield></datafield><datafield ind1=" " ind2="7" tag="651"><subfield code="a">Kansas</subfield><subfield code="z">Lawrence.</subfield><subfield code="2">fast</subfield><subfield code="0">(OCoLC)fst01212060</subfield></datafield><datafield ind1=" " ind2=" " tag="752"><subfield code="a">United States</subfield><subfield code="b">Kansas</subfield><subfield code="c">Douglas</subfield><subfield code="d">Lawrence.</subfield></datafield><datafield ind1="1" ind2=" " tag="775"><subfield code="t">Daily Kansas tribune</subfield><subfield code="w">(DLC)sn 82015326</subfield></datafield><datafield ind1="1" ind2=" " tag="775"><subfield code="t">Daily tribune (Lawrence, Kan. : 1875)</subfield><subfield code="w">(DLC)sn 84029614</subfield></datafield><datafield ind1="1" ind2=" " tag="775"><subfield code="t">Kansas daily tribune (Lawrence, Kan. : 1879)</subfield><subfield code="w">(DLC)sn 84029616</subfield></datafield><datafield ind1="0" ind2="0" tag="780"><subfield code="t">Weekly Kansas tribune</subfield><subfield code="w">(DLC)sn 84029635</subfield></datafield><datafield ind1="0" ind2="5" tag="780"><subfield code="t">Look-out</subfield><subfield code="g">Oct. 1875</subfield><subfield code="w">(DLC)sn 84029625</subfield></datafield><datafield ind1="0" ind2="6" tag="780"><subfield code="t">Kansas progress</subfield><subfield code="g">Jan. 6, 1883</subfield><subfield code="w">(DLC)sn 84029654</subfield></datafield><datafield ind1="0" ind2="7" tag="785"><subfield code="t">Weekly Kansas herald (Lawrence, Kan.)</subfield><subfield code="w">(DLC)sn 84029631</subfield></datafield><datafield ind1="0" ind2="7" tag="785"><subfield code="t">Weekly herald and tribune</subfield><subfield code="w">(DLC)sn 84029636</subfield></datafield><datafield ind1="1" ind2=" " tag="787"><subfield code="t">Western home journal</subfield><subfield code="w">(DLC)sn 82014062</subfield></datafield></record>